@misc{li2024efficientcircuitbasedquantumstate,
      title={Efficient Circuit-Based Quantum State Tomography via Sparse Entry Optimization}, 
      author={Chi-Kwong Li and Kevin Yipu Wu and Zherui Zhang},
      year={2024},
      eprint={2407.20298},
      archivePrefix={arXiv},
      primaryClass={quant-ph},
      note      = {Under review},
      url={https://arxiv.org/abs/2407.20298}, 
}